<?xml version="1.0" encoding="UTF-8"?>
<record xmlns="http://www.loc.gov/MARC21/slim" xmlns:xsi="http://www.w3.org/2001/XMLSchema-instance" xsi:schemaLocation="http://www.loc.gov/MARC21/slim http://www.loc.gov/standards/marcxml/schema/MARC21slim.xsd">
<leader>00000cam a22      a 4500</leader>
<controlfield tag="001">001686826</controlfield>
<controlfield tag="003">NNU</controlfield>
<controlfield tag="005">20141222193632.0</controlfield>
<controlfield tag="008">000905s1926    ae       b    001 0 ara d</controlfield>
<datafield tag="010" ind1=" " ind2=" ">
<subfield code="a">   73200295</subfield>
</datafield>
<datafield tag="035" ind1=" " ind2=" ">
<subfield code="a">(OCoLC)60506124</subfield>
</datafield>
<datafield tag="040" ind1=" " ind2=" ">
<subfield code="a">MEAUC</subfield>
<subfield code="b">eng</subfield>
<subfield code="c">MEAUC</subfield>
<subfield code="d">OCLCG</subfield>
<subfield code="d">NYP</subfield>
<subfield code="d">OCLCA</subfield>
<subfield code="d">OCLCQ</subfield>
<subfield code="d">N15</subfield>
<subfield code="d">OCLCA</subfield>
<subfield code="d">NNU</subfield>
</datafield>
<datafield tag="050" ind1=" " ind2="4">
<subfield code="a">PJ7696.U7</subfield>
<subfield code="b">A6 1926</subfield>
</datafield>
<datafield tag="100" ind1="0" ind2=" ">
<subfield code="6">880-01</subfield>
<subfield code="a">ʻUrwah ibn al-Ward,</subfield>
<subfield code="d">active 6th century.</subfield>
</datafield>
<datafield tag="245" ind1="1" ind2="0">
<subfield code="6">880-02</subfield>
<subfield code="a">Sharḥ Dīwān ʻUrwah ibn al-Ward al-ʻAbsī /</subfield>
<subfield code="c">li-Abī Yūsuf Yaʻqūb ibn Isḥāq al-Sikkīt ; iʻtaná bi-taṣḥīḥihi Ibn Abī Shanab. Wa-yalīhi jumlah mimmā lam yudhkar min shiʻrihi fī hādhā al-sharḥ.</subfield>
</datafield>
<datafield tag="246" ind1="3" ind2=" ">
<subfield code="a">ʻOrwa ben el-Ward, dîwân accompagné du commentaire d'Ibn es Sikkît</subfield>
</datafield>
<datafield tag="260" ind1=" " ind2=" ">
<subfield code="6">880-03</subfield>
<subfield code="a">[Algiers] :</subfield>
<subfield code="b">[Maṭbaʻat Jūl Karbūnil],</subfield>
<subfield code="c">[1926]</subfield>
</datafield>
<datafield tag="300" ind1=" " ind2=" ">
<subfield code="a">250 pages ;</subfield>
<subfield code="c">19 cm.</subfield>
</datafield>
<datafield tag="336" ind1=" " ind2=" ">
<subfield code="a">text</subfield>
<subfield code="b">txt</subfield>
<subfield code="2">rdacontent</subfield>
</datafield>
<datafield tag="337" ind1=" " ind2=" ">
<subfield code="a">unmediated</subfield>
<subfield code="b">n</subfield>
<subfield code="2">rdamedia</subfield>
</datafield>
<datafield tag="338" ind1=" " ind2=" ">
<subfield code="a">volume</subfield>
<subfield code="b">nc</subfield>
<subfield code="2">rdacarrier</subfield>
</datafield>
<datafield tag="490" ind1="1" ind2=" ">
<subfield code="6">880-04</subfield>
<subfield code="a">Khazānat al-kutub al-ʻArabīyah</subfield>
</datafield>
<datafield tag="500" ind1=" " ind2=" ">
<subfield code="a">At head of title: Fuḥūl al-ʻArab fī ʻilm al-adab.</subfield>
</datafield>
<datafield tag="504" ind1=" " ind2=" ">
<subfield code="a">Includes bibliographical references and indexes.</subfield>
</datafield>
<datafield tag="700" ind1="0" ind2=" ">
<subfield code="6">880-05</subfield>
<subfield code="a">Ibn al-Sikkīt,</subfield>
<subfield code="d">-857 or 858.</subfield>
</datafield>
<datafield tag="700" ind1="1" ind2=" ">
<subfield code="a">Ben Cheneb, Mohammed,</subfield>
<subfield code="d">1869-1929</subfield>
<subfield code="6">880-06</subfield>
</datafield>
<datafield tag="880" ind1="0" ind2=" ">
<subfield code="6">100-01/</subfield>
<subfield code="a">عروة بن الورد،,</subfield>
<subfield code="d">active 6th century.</subfield>
</datafield>
<datafield tag="880" ind1="1" ind2="0">
<subfield code="6">245-02/</subfield>
<subfield code="a">شرح ديوان عروة بن الورد العبسي /</subfield>
<subfield code="c">لأبي يوسف اسحاق السكيت ؛ اعتنى بتصحيحه ابن أبي شنب. ويليه جملة مما لم يذكر من شعرة في هذا الشرح.</subfield>
</datafield>
<datafield tag="880" ind1=" " ind2=" ">
<subfield code="6">260-03/</subfield>
<subfield code="a">الجزائر :</subfield>
<subfield code="b">مطبعة جول كربونل،</subfield>
<subfield code="c">1926.</subfield>
</datafield>
<datafield tag="880" ind1="1" ind2=" ">
<subfield code="6">490-04/</subfield>
<subfield code="a">خزانة الكتب العربية</subfield>
</datafield>
<datafield tag="880" ind1="0" ind2=" ">
<subfield code="6">700-05/</subfield>
<subfield code="a">ابن السكيت،,</subfield>
<subfield code="d">8 or 857 .d.</subfield>
</datafield>
<datafield tag="880" ind1="1" ind2=" ">
<subfield code="6">700-06/</subfield>
<subfield code="a">ابن أبي شنب، محمد.</subfield>
</datafield>
<datafield tag="830" ind1=" " ind2="0">
<subfield code="a">Maktabah al-ʻArabīyah (Cairo, Egypt)</subfield>
<subfield code="6">880-07</subfield>
</datafield>
<datafield tag="880" ind1=" " ind2="0">
<subfield code="6">830-07/</subfield>
<subfield code="a">مكتبة العربية (Cairo, Egypt)</subfield>
</datafield>
<datafield tag="OWN" ind1=" " ind2=" ">
<subfield code="a">GENERAL</subfield>
</datafield>
<datafield tag="AVA" ind1=" " ind2=" ">
<subfield code="a">NYU50</subfield>
<subfield code="b">BOBST</subfield>
<subfield code="c">Main Collection</subfield>
<subfield code="d">PJ7696.U7 A6 1926</subfield>
<subfield code="e">unavailable</subfield>
<subfield code="t">Unavailable</subfield>
<subfield code="f">1</subfield>
<subfield code="g">1</subfield>
<subfield code="h">N</subfield>
<subfield code="i">0</subfield>
<subfield code="j">MAIN</subfield>
<subfield code="k">0</subfield>
</datafield>
</record>
